<?xml version="1.0" encoding="UTF-8"?><collection xmlns="http://www.loc.gov/MARC21/slim"><record><leader>00704nam--2200193-i-4500</leader><controlfield tag="001">000015241</controlfield><controlfield tag="002">20161230</controlfield><controlfield tag="005">20161230201031</controlfield><controlfield tag="008">060222s1000------------r-----000-0-fre-d</controlfield><datafield ind1=" " ind2=" " tag="040"><subfield code="a">IFIN-HH</subfield></datafield><datafield ind1=" " ind2=" " tag="041"><subfield code="a">fre</subfield></datafield><datafield ind1=" " ind2=" " tag="080"><subfield code="a">535.376</subfield></datafield><datafield ind1="1" ind2=" " tag="100"><subfield code="a">Curie, Daniel</subfield></datafield><datafield ind1="1" ind2="0" tag="245"><subfield code="a">Champ cristallin et luminescence. applications de la theorie des groupes a la luminescence cristalline</subfield><subfield code="b">Applications de la theorie des groupes a la luminescence cristallineparis, gauthier-villars, 1968</subfield><subfield code="c">Daniel curie</subfield></datafield><datafield ind1=" " ind2=" " tag="260"><subfield code="a">Paris</subfield><subfield code="b">Gauthier-villars</subfield><subfield code="c">1968</subfield></datafield><datafield ind1=" " ind2=" " tag="300"><subfield code="a">361P</subfield></datafield><datafield ind1=" " ind2=" " tag="490"><subfield code="a">Monographies De Chimie Physique ; Collection Dirigee Par Mlle Y. Cauchois</subfield></datafield><datafield ind1=" " ind2=" " tag="852"><subfield code="a">77573</subfield><subfield code="c">535.37</subfield></datafield><datafield ind1=" " ind2=" " tag="CAT"><subfield code="a">Sys</subfield><subfield code="c">20110429</subfield><subfield code="h">133133</subfield></datafield></record></collection>